<?xml version='1.0' encoding='utf-8'?>
<record xmlns="http://www.loc.gov/MARC21/slim" xmlns:xsi="http://www.w3.org/2001/XMLSchema-instance">
  <leader>^^^^^nas^a2200277^a^4500</leader>
  <controlfield tag="001">003140886</controlfield>
  <controlfield tag="005">19970428000000.0</controlfield>
  <controlfield tag="008">970428c19uu9999miumr1pe^^^^^^0^^^a0eng^d</controlfield>
  <datafield tag="010" ind1=" " ind2=" ">
    <subfield code="a">sn 92006801</subfield>
  </datafield>
  <datafield tag="022" ind1="1" ind2=" ">
    <subfield code="a">1067-0661</subfield>
  </datafield>
  <datafield tag="032" ind1=" " ind2=" ">
    <subfield code="a">009348</subfield>
    <subfield code="b">USPS</subfield>
  </datafield>
  <datafield tag="035" ind1=" " ind2=" ">
    <subfield code="a">(OCoLC)ocm10136941</subfield>
  </datafield>
  <datafield tag="040" ind1=" " ind2=" ">
    <subfield code="a">EEX</subfield>
    <subfield code="c">EEX</subfield>
    <subfield code="d">NSD</subfield>
    <subfield code="d">BEU</subfield>
  </datafield>
  <datafield tag="042" ind1=" " ind2=" ">
    <subfield code="a">nsdp</subfield>
    <subfield code="a">msc</subfield>
  </datafield>
  <datafield tag="222" ind1=" " ind2="0">
    <subfield code="a">Michigan overseas veteran</subfield>
  </datafield>
  <datafield tag="245" ind1="0" ind2="0">
    <subfield code="a">Michigan overseas veteran.</subfield>
  </datafield>
  <datafield tag="260" ind1=" " ind2=" ">
    <subfield code="a">Detroit, Mich. :</subfield>
    <subfield code="b">Dept. of Michigan, Veterans of Foreign Wars of the United States,</subfield>
  </datafield>
  <datafield tag="300" ind1=" " ind2=" ">
    <subfield code="a">v. :</subfield>
    <subfield code="b">ill. ;</subfield>
    <subfield code="c">56 cm.</subfield>
  </datafield>
  <datafield tag="310" ind1=" " ind2=" ">
    <subfield code="a">Monthly</subfield>
  </datafield>
  <datafield tag="500" ind1=" " ind2=" ">
    <subfield code="a">Description based on: Vol. 43, no. 1 (July 15, 1972).</subfield>
  </datafield>
  <datafield tag="550" ind1=" " ind2=" ">
    <subfield code="a">Official publication, Department of Michigan, Veterans of Foreign Wars of the United States.</subfield>
  </datafield>
  <datafield tag="610" ind1="2" ind2="0">
    <subfield code="a">Veterans of Foreign Wars of the United States.</subfield>
    <subfield code="b">Dept. of Michigan.</subfield>
  </datafield>
  <datafield tag="710" ind1="2" ind2=" ">
    <subfield code="a">Veterans of Foreign Wars of the United States.</subfield>
    <subfield code="b">Dept. of Michigan.</subfield>
  </datafield>
  <datafield tag="852" ind1="8" ind2=" ">
    <subfield code="a">MiU-H</subfield>
    <subfield code="b">BENT</subfield>
    <subfield code="h">00101 Be 2</subfield>
  </datafield>
  <datafield tag="998" ind1=" " ind2=" ">
    <subfield code="c">KLS</subfield>
  </datafield>
  <datafield tag="955" ind1=" " ind2=" ">
    <subfield code="b">BENT</subfield>
    <subfield code="p">3140886-180</subfield>
    <subfield code="z">v.72:no.1(2004:Jul./Aug.)</subfield>
  </datafield>
  <datafield tag="955" ind1=" " ind2=" ">
    <subfield code="b">BENT</subfield>
    <subfield code="p">3140886-190</subfield>
    <subfield code="z">v.72:no.2(2004:Sep./Oct.)</subfield>
  </datafield>
  <datafield tag="955" ind1=" " ind2=" ">
    <subfield code="b">BENT</subfield>
    <subfield code="p">3140886-340</subfield>
    <subfield code="z">v.74:no.1(2006:Jul./Aug.)</subfield>
  </datafield>
  <datafield tag="955" ind1=" " ind2=" ">
    <subfield code="b">BENT</subfield>
    <subfield code="p">3140886-350</subfield>
    <subfield code="z">v.74:no.2(2006:Sep./Oct.)</subfield>
  </datafield>
  <datafield tag="955" ind1=" " ind2=" ">
    <subfield code="b">BENT</subfield>
    <subfield code="p">3140886-360</subfield>
    <subfield code="z">v.74:no.3(2006:Nov./Dec.)</subfield>
  </datafield>
  <datafield tag="955" ind1=" " ind2=" ">
    <subfield code="b">BENT</subfield>
    <subfield code="p">3140886-370</subfield>
    <subfield code="z">v.74:no.4(2007:Jan./Feb.)</subfield>
  </datafield>
  <datafield tag="955" ind1=" " ind2=" ">
    <subfield code="b">BENT</subfield>
    <subfield code="p">3140886-380</subfield>
    <subfield code="z">v.74:no.5(2007:Mar./April)</subfield>
  </datafield>
  <datafield tag="955" ind1=" " ind2=" ">
    <subfield code="b">BENT</subfield>
    <subfield code="p">3140886-390</subfield>
    <subfield code="z">v.74:no.6(2007:May/Jun.)</subfield>
  </datafield>
  <datafield tag="955" ind1=" " ind2=" ">
    <subfield code="b">BENT</subfield>
    <subfield code="p">3140886-400</subfield>
    <subfield code="z">v.74:no.7(2007:May)</subfield>
  </datafield>
  <datafield tag="955" ind1=" " ind2=" ">
    <subfield code="b">BENT</subfield>
    <subfield code="p">3140886-460</subfield>
    <subfield code="z">v.75:no.1(2007:Jul./Aug.)</subfield>
  </datafield>
  <datafield tag="955" ind1=" " ind2=" ">
    <subfield code="b">BENT</subfield>
    <subfield code="p">3140886-470</subfield>
    <subfield code="z">v.75:no.2(2007:Sep./Oct.)</subfield>
  </datafield>
  <datafield tag="955" ind1=" " ind2=" ">
    <subfield code="b">BENT</subfield>
    <subfield code="p">3140886-480</subfield>
    <subfield code="z">v.75:no.3(2007:Nov./Dec.)</subfield>
  </datafield>
  <datafield tag="955" ind1=" " ind2=" ">
    <subfield code="b">BENT</subfield>
    <subfield code="p">3140886-490</subfield>
    <subfield code="z">v.75:no.4(2008:Jan./Feb.)</subfield>
  </datafield>
  <datafield tag="955" ind1=" " ind2=" ">
    <subfield code="b">BENT</subfield>
    <subfield code="p">3140886-500</subfield>
    <subfield code="z">v.75:no.5(2008:Feb./Mar.)</subfield>
  </datafield>
  <datafield tag="955" ind1=" " ind2=" ">
    <subfield code="b">BENT</subfield>
    <subfield code="p">3140886-510</subfield>
    <subfield code="z">v.75:no.6(2008:April/May)</subfield>
  </datafield>
  <datafield tag="955" ind1=" " ind2=" ">
    <subfield code="b">BENT</subfield>
    <subfield code="p">3140886-540</subfield>
    <subfield code="z">v.76:no.1(2008:Jul./Aug.)</subfield>
  </datafield>
  <datafield tag="955" ind1=" " ind2=" ">
    <subfield code="b">BENT</subfield>
    <subfield code="p">3140886-550</subfield>
    <subfield code="z">v.76:no.2(2008:Sep./Oct.)</subfield>
  </datafield>
  <datafield tag="955" ind1=" " ind2=" ">
    <subfield code="b">BENT</subfield>
    <subfield code="p">3140886-560</subfield>
    <subfield code="z">v.76:no.3(2008:Nov./Dec.)</subfield>
  </datafield>
  <datafield tag="955" ind1=" " ind2=" ">
    <subfield code="b">BENT</subfield>
    <subfield code="p">3140886-580</subfield>
    <subfield code="z">v.76:no.4(2009:Jan./Feb.)</subfield>
  </datafield>
  <datafield tag="955" ind1=" " ind2=" ">
    <subfield code="b">BENT</subfield>
    <subfield code="p">3140886-590</subfield>
    <subfield code="z">v.76:no.5(2009:April)</subfield>
  </datafield>
  <datafield tag="955" ind1=" " ind2=" ">
    <subfield code="b">BENT</subfield>
    <subfield code="p">3140886-60</subfield>
    <subfield code="z">v.71:no.5(2004:Mar.)</subfield>
  </datafield>
  <datafield tag="955" ind1=" " ind2=" ">
    <subfield code="b">BENT</subfield>
    <subfield code="p">3140886-600</subfield>
    <subfield code="z">v.76:no.6(2009:May/June)</subfield>
  </datafield>
  <datafield tag="955" ind1=" " ind2=" ">
    <subfield code="b">BENT</subfield>
    <subfield code="p">3140886-610</subfield>
    <subfield code="z">v.76:no.7(2009:July)</subfield>
  </datafield>
  <datafield tag="955" ind1=" " ind2=" ">
    <subfield code="b">BENT</subfield>
    <subfield code="p">3140886-620</subfield>
    <subfield code="z">v.77:no.1(2009:Jul./Sept.)</subfield>
  </datafield>
  <datafield tag="955" ind1=" " ind2=" ">
    <subfield code="b">BENT</subfield>
    <subfield code="p">3140886-630</subfield>
    <subfield code="z">v.77:no.2(2009:Oct./Nov./Dec.)</subfield>
  </datafield>
  <datafield tag="955" ind1=" " ind2=" ">
    <subfield code="b">BENT</subfield>
    <subfield code="p">3140886-640</subfield>
    <subfield code="z">v.77:no.3(2009:Nov.)</subfield>
  </datafield>
  <datafield tag="955" ind1=" " ind2=" ">
    <subfield code="b">BENT</subfield>
    <subfield code="p">3140886-660</subfield>
    <subfield code="z">v.77:no.3(2010:Jan./Mar.)</subfield>
  </datafield>
  <datafield tag="955" ind1=" " ind2=" ">
    <subfield code="b">BENT</subfield>
    <subfield code="p">3140886-670</subfield>
    <subfield code="z">v.77:no.4(2010:April/June)</subfield>
  </datafield>
  <datafield tag="955" ind1=" " ind2=" ">
    <subfield code="b">BENT</subfield>
    <subfield code="p">3140886-700</subfield>
    <subfield code="z">v.78:no.1(2010:Jul./Sep.)</subfield>
  </datafield>
  <datafield tag="955" ind1=" " ind2=" ">
    <subfield code="b">BENT</subfield>
    <subfield code="p">3140886-710</subfield>
    <subfield code="z">v.78:no.2(2010:Oct./Dec.)</subfield>
  </datafield>
  <datafield tag="955" ind1=" " ind2=" ">
    <subfield code="b">BENT</subfield>
    <subfield code="p">3140886-720</subfield>
    <subfield code="z">v.78:no.3(2011:Jan./Mar.)</subfield>
  </datafield>
  <datafield tag="955" ind1=" " ind2=" ">
    <subfield code="b">BENT</subfield>
    <subfield code="p">3140886-740</subfield>
    <subfield code="z">v.78:no.4(2011:Apr./June)</subfield>
  </datafield>
  <datafield tag="955" ind1=" " ind2=" ">
    <subfield code="b">BENT</subfield>
    <subfield code="p">3140886-780</subfield>
    <subfield code="z">v.79:no.1(2011:Jul./Sep.)</subfield>
  </datafield>
  <datafield tag="955" ind1=" " ind2=" ">
    <subfield code="b">BENT</subfield>
    <subfield code="p">3140886-790</subfield>
    <subfield code="z">v.79:no.2(2011:Oct./Dec.)</subfield>
  </datafield>
  <datafield tag="955" ind1=" " ind2=" ">
    <subfield code="b">BENT</subfield>
    <subfield code="p">3140886-800</subfield>
    <subfield code="z">v.79:no.3(2012:Jan./Mar.)</subfield>
  </datafield>
  <datafield tag="955" ind1=" " ind2=" ">
    <subfield code="b">BENT</subfield>
    <subfield code="p">3140886-810</subfield>
    <subfield code="z">v.79:no.4(2012:April/Jun.)</subfield>
  </datafield>
  <datafield tag="955" ind1=" " ind2=" ">
    <subfield code="b">BENT</subfield>
    <subfield code="p">3140886-820</subfield>
    <subfield code="z">v.80:no.1(2012:Jul./Sep.)</subfield>
  </datafield>
  <datafield tag="955" ind1=" " ind2=" ">
    <subfield code="b">BENT</subfield>
    <subfield code="p">3140886-830</subfield>
    <subfield code="z">v.80:no.2(2012:Oct./Dec.)</subfield>
  </datafield>
  <datafield tag="955" ind1=" " ind2=" ">
    <subfield code="b">BENT</subfield>
    <subfield code="p">3140886-840</subfield>
    <subfield code="z">v.80:no.3(2013:Jan./Mar.)</subfield>
  </datafield>
  <datafield tag="955" ind1=" " ind2=" ">
    <subfield code="b">BENT</subfield>
    <subfield code="p">3140886-850</subfield>
    <subfield code="z">v.80:no.4(2013:April/Jun.)</subfield>
  </datafield>
  <datafield tag="955" ind1=" " ind2=" ">
    <subfield code="b">BENT</subfield>
    <subfield code="p">3140886-860</subfield>
    <subfield code="z">v.80:no.2(2012:Oct./Nov./Dec.)</subfield>
  </datafield>
  <datafield tag="955" ind1=" " ind2=" ">
    <subfield code="b">BENT</subfield>
    <subfield code="p">3140886-900</subfield>
    <subfield code="z">v.81:no.1(2013:Jul./Aug./Sep.)</subfield>
  </datafield>
  <datafield tag="955" ind1=" " ind2=" ">
    <subfield code="b">BENT</subfield>
    <subfield code="p">3140886-910</subfield>
    <subfield code="z">v.81:no.2(2013:Oct./Dec.)</subfield>
  </datafield>
  <datafield tag="955" ind1=" " ind2=" ">
    <subfield code="b">BENT</subfield>
    <subfield code="p">3140886-920</subfield>
    <subfield code="z">v.81:no.3(2014:Jan./Mar.)</subfield>
  </datafield>
  <datafield tag="955" ind1=" " ind2=" ">
    <subfield code="b">BENT</subfield>
    <subfield code="p">3140886-930</subfield>
    <subfield code="z">v.81:no.4(2014:April/Jun.)</subfield>
  </datafield>
  <datafield tag="955" ind1=" " ind2=" ">
    <subfield code="b">BENT</subfield>
    <subfield code="p">3140886-940</subfield>
    <subfield code="z">v.82:no.1(2014:Jul./Sep.)</subfield>
  </datafield>
  <datafield tag="955" ind1=" " ind2=" ">
    <subfield code="b">BENT</subfield>
    <subfield code="p">3140886-950</subfield>
    <subfield code="z">v.82:no.2(2014:Oct./Dec.)</subfield>
  </datafield>
  <datafield tag="955" ind1=" " ind2=" ">
    <subfield code="b">BENT</subfield>
    <subfield code="p">3140886-960</subfield>
    <subfield code="z">v.82:no.3(2015:Jan./Mar.)</subfield>
  </datafield>
  <datafield tag="955" ind1=" " ind2=" ">
    <subfield code="b">BENT</subfield>
    <subfield code="p">3140886-970</subfield>
    <subfield code="z">v.82:no.4(2015:April/Jun.)</subfield>
  </datafield>
  <datafield tag="955" ind1=" " ind2=" ">
    <subfield code="b">BENT</subfield>
    <subfield code="p">B1211249</subfield>
  </datafield>
  <datafield tag="955" ind1=" " ind2=" ">
    <subfield code="b">BENT</subfield>
    <subfield code="p">B2809797</subfield>
    <subfield code="z">v.71:no.1(2003:Jul.)-v.71:no.4(2004:Jan./Feb.)</subfield>
  </datafield>
  <datafield tag="955" ind1=" " ind2=" ">
    <subfield code="b">BENT</subfield>
    <subfield code="p">B2809798</subfield>
    <subfield code="z">v.71:no.6(2004:April)-v.71:no.8(2004:June)</subfield>
  </datafield>
  <datafield tag="955" ind1=" " ind2=" ">
    <subfield code="b">BENT</subfield>
    <subfield code="p">B2809799</subfield>
    <subfield code="z">v.72:no.3(2004:Nov./Dec.)-v.72:no.6(2005:May/June)</subfield>
  </datafield>
  <datafield tag="955" ind1=" " ind2=" ">
    <subfield code="b">BENT</subfield>
    <subfield code="p">B2809800</subfield>
    <subfield code="z">v.73 (2005/2006)</subfield>
  </datafield>
</record>
